<?xml version="1.0" encoding="UTF-8"?><collection xmlns="http://www.loc.gov/MARC21/slim"><record><leader>00483nam--2200169-i-4500</leader><controlfield tag="001">000012672</controlfield><controlfield tag="002">20161230</controlfield><controlfield tag="005">20170108122655</controlfield><controlfield tag="008">060222s1000------------r-----000-0-eng-d</controlfield><datafield ind1=" " ind2=" " tag="080"><subfield code="a">530.145(047.3)</subfield></datafield><datafield ind1=" " ind2=" " tag="100"><subfield code="a">Abarbanel, Henry D. I</subfield></datafield><datafield ind1=" " ind2=" " tag="245"><subfield code="a">Self-consistent -functions in asymptotically free massless field theory</subfield></datafield><datafield ind1=" " ind2=" " tag="260"><subfield code="a">Batavia</subfield><subfield code="b">Fermi National Accelerator Lab</subfield><subfield code="c">1977</subfield></datafield><datafield ind1=" " ind2=" " tag="300"><subfield code="a">16 p.+ 3 fig</subfield></datafield><datafield ind1=" " ind2=" " tag="490"><subfield code="a">77/25-thy</subfield></datafield><datafield ind1=" " ind2=" " tag="852"><subfield code="a">53275</subfield></datafield><datafield ind1=" " ind2=" " tag="CAT"><subfield code="a">SYS</subfield><subfield code="c">20170108</subfield><subfield code="h">122655</subfield></datafield></record></collection>